<?xml version="1.0" encoding="utf-8"?>
<record xmlns="http://www.loc.gov/MARC21/slim" xmlns:xsi="http://www.w3.org/2001/XMLSchema-instance" xsi:schemaLocation="http://www.loc.gov/MARC21/slim http://www.loc.gov/standards/marcxml/schema/MARC21slim.xsd">
	<leader>
		01886nam a2200397   4500
	</leader>
	<controlfield tag="001">
		1743749
	</controlfield>
	<controlfield tag="003">
		NIC
	</controlfield>
	<controlfield tag="006">
		m        d        
	</controlfield>
	<controlfield tag="007">
		cr cn |||m|||a
	</controlfield>
	<controlfield tag="008">
		160224s1909    ua a    o     000 0 ara d
	</controlfield>
	<datafield ind1=" " ind2=" " tag="040">
		<subfield code="a">
			NNU
		</subfield>
		<subfield code="b">
			eng
		</subfield>
		<subfield code="e">
			rda
		</subfield>
		<subfield code="c">
			NNU
		</subfield>
	</datafield>
	<datafield ind1=" " ind2=" " tag="043">
		<subfield code="a">
			f-ua---
		</subfield>
	</datafield>
	<datafield ind1="1" ind2=" " tag="100">
		<subfield code="6">
			880-01
		</subfield>
		<subfield code="a">
			Rustum, Muṣṭafá Rāshid.
		</subfield>
	</datafield>
	<datafield ind1="1" ind2="0" tag="245">
		<subfield code="6">
			880-02
		</subfield>
		<subfield code="a">
			Mā narāh :
		</subfield>
		<subfield code="b">
			fī Biḥārinā wa-thughūrinā /
		</subfield>
		<subfield code="c">
			taʼlīf Muṣṭafá Rāshid Rustum.
		</subfield>
	</datafield>
	<datafield ind1=" " ind2=" " tag="260">
		<subfield code="6">
			880-03
		</subfield>
		<subfield code="a">
			[al-Qāhirah?] :
		</subfield>
		<subfield code="b">
			[publisher not identified],
		</subfield>
		<subfield code="c">
			1909.
		</subfield>
	</datafield>
	<datafield ind1=" " ind2=" " tag="300">
		<subfield code="a">
			online resource (39 pages) :
		</subfield>
		<subfield code="b">
			illustrations
		</subfield>
	</datafield>
	<datafield ind1=" " ind2=" " tag="336">
		<subfield code="a">
			text
		</subfield>
		<subfield code="2">
			rdacontent
		</subfield>
	</datafield>
	<datafield ind1=" " ind2=" " tag="337">
		<subfield code="a">
			computer
		</subfield>
		<subfield code="2">
			rdamedia
		</subfield>
	</datafield>
	<datafield ind1=" " ind2=" " tag="338">
		<subfield code="a">
			online resource
		</subfield>
		<subfield code="2">
			rdacarrier
		</subfield>
	</datafield>
	<datafield ind1=" " ind2=" " tag="500">
		<subfield code="a">
			Part of the Arabic Collections Online (ACO) project, contributed by Cornell University Libraries.
		</subfield>
	</datafield>
	<datafield ind1=" " ind2=" " tag="533">
		<subfield code="a">
			Electronic reproduction.
		</subfield>
		<subfield code="b">
			New York, N.Y. :
		</subfield>
		<subfield code="c">
			New York University,
		</subfield>
		<subfield code="d">
			2016.
		</subfield>
		<subfield code="5">
			NNU
		</subfield>
	</datafield>
	<datafield ind1=" " ind2="0" tag="651">
		<subfield code="a">
			Egypt
		</subfield>
		<subfield code="x">
			Description and travel.
		</subfield>
	</datafield>
	<datafield ind1=" " ind2="0" tag="650">
		<subfield code="a">
			Ocean.
		</subfield>
	</datafield>
	<datafield ind1=" " ind2="7" tag="650">
		<subfield code="a">
			Ocean.
		</subfield>
		<subfield code="2">
			fast
		</subfield>
		<subfield code="0">
			(OCoLC)fst01043442
		</subfield>
	</datafield>
	<datafield ind1=" " ind2="7" tag="650">
		<subfield code="a">
			Travel.
		</subfield>
		<subfield code="2">
			fast
		</subfield>
		<subfield code="0">
			(OCoLC)fst01155558
		</subfield>
	</datafield>
	<datafield ind1=" " ind2="7" tag="651">
		<subfield code="a">
			Egypt.
		</subfield>
		<subfield code="2">
			fast
		</subfield>
		<subfield code="0">
			(OCoLC)fst01208755
		</subfield>
	</datafield>
	<datafield ind1="2" ind2=" " tag="710">
		<subfield code="a">
			Cornell University.
		</subfield>
		<subfield code="b">
			Libraries.
		</subfield>
	</datafield>
	<datafield ind1="0" ind2=" " tag="730">
		<subfield code="a">
			Arabic Collections Online.
		</subfield>
	</datafield>
	<datafield ind1="0" ind2="8" tag="776">
		<subfield code="i">
			Online version:
		</subfield>
		<subfield code="a">
			Rustum, Muṣṭafà Rāshid.
		</subfield>
		<subfield code="t">
			Mā narāh.
		</subfield>
		<subfield code="d">
			[al-Qāhirah? : s.n.], 1909
		</subfield>
		<subfield code="w">
			(OCoLC)852772822
		</subfield>
	</datafield>
	<datafield ind1="0" ind2="8" tag="776">
		<subfield code="i">
			Print version:
		</subfield>
		<subfield code="a">
			Rustum, Muṣṭafá Rāshid.
		</subfield>
		<subfield code="t">
			Mā narāh
		</subfield>
		<subfield code="w">
			(NIC)1743749
		</subfield>
		<subfield code="w">
			(OCoLC)64017240
		</subfield>
	</datafield>
	<datafield ind1="4" ind2="0" tag="856">
		<subfield code="u">
			http://hdl.handle.net/2333.1/80gb5qvb
		</subfield>
	</datafield>
	<datafield ind1="1" ind2=" " tag="880">
		<subfield code="6">
			100-01/r
		</subfield>
		<subfield code="a">
			رستم، مصطفى راشد.
		</subfield>
	</datafield>
	<datafield ind1="1" ind2="0" tag="880">
		<subfield code="6">
			245-02/r
		</subfield>
		<subfield code="a">
			ما نراه :
		</subfield>
		<subfield code="b">
			في بحارنا وثغورنا /
		</subfield>
		<subfield code="c">
			تأليف مصطفى راشد رستم.
		</subfield>
	</datafield>
	<datafield ind1=" " ind2=" " tag="880">
		<subfield code="6">
			260-03/r
		</subfield>
		<subfield code="a">
			[القاهره؟] :
		</subfield>
		<subfield code="b">
			[publisher not identified]،
		</subfield>
		<subfield code="c">
			1909.
		</subfield>
	</datafield>
	<datafield ind1=" " ind2=" " tag="959">
		<subfield code="a">
			NNU
		</subfield>
		<subfield code="b">
			WEB
		</subfield>
		<subfield code="c">
			GENI
		</subfield>
		<subfield code="t">
			0
		</subfield>
		<subfield code="m">
			Electronic access
		</subfield>
		<subfield code="s">
			01
		</subfield>
	</datafield>
	<datafield ind1=" " ind2=" " tag="999">
		<subfield code="i">
			NIC_1743749
		</subfield>
		<subfield code="o">
			(OCoLC)ocm64017240
		</subfield>
		<subfield code="s">
			cornell_aco000481
		</subfield>
		<subfield code="e">
			(ERROR-880)
		</subfield>
		<subfield code="s">
			cornell_aco000481
		</subfield>
	</datafield>
</record>
